@article{Mcmillan14,
  title={Increased ice losses from Antarctica detected by CryoSat-2},
  author={McMillan, Malcolm and Shepherd, Andrew and Sundal, Aud and Briggs, Kate and Muir, Alan and Ridout, Andrew and Hogg, Anna and Wingham, Duncan},
  journal={Geophysical Research Letters},
  volume={41},
  number={11},
  pages={3899--3905},
  year={2014},
  publisher={Wiley Online Library}
}

@article{Tripati09,
  title={Coupling of CO2 and ice sheet stability over major climate transitions of the last 20 million years},
  author={Tripati, Aradhna K and Roberts, Christopher D and Eagle, Robert A},
  journal={Science},
  volume={326},
  number={5958},
  pages={1394--1397},
  year={2009},
  publisher={American Association for the Advancement of Science}
}

@book{Romm18,
  title={Climate Change: What Everyone Needs to Know{\textregistered}},
  author={Romm, J.},
  isbn={9780190866136},
  series={What Everyone Needs To Know{\textregistered}},
  url={https://books.google.co.uk/books?id=XqZTDwAAQBAJ},
  year={2018},
  edition={2nd},
  publisher={Oxford University Press}
}

@article{Rignot14,
  title={Widespread, rapid grounding line retreat of Pine Island, Thwaites, Smith, and Kohler glaciers, West Antarctica, from 1992 to 2011},
  author={Rignot, Eric and Mouginot, Jeremie and Morlighem, Mathieu and Seroussi, Helene and Scheuchl, Bernd},
  journal={Geophysical Research Letters},
  volume={41},
  number={10},
  pages={3502--3509},
  year={2014},
  publisher={Wiley Online Library}
}

@article{Kelley15,
  title={Climate change in the Fertile Crescent and implications of the recent Syrian drought},
  author={Kelley, Colin P and Mohtadi, Shahrzad and Cane, Mark A and Seager, Richard and Kushnir, Yochanan},
  journal={Proceedings of the National Academy of Sciences},
  pages={201421533},
  year={2015},
  publisher={National Acad Sciences}
}

@article{Sweet13,
  title={Hurricane Sandy inundation probabilities today and tomorrow},
  author={Sweet, William and Zervas, Chris and Gill, Stephen and Park, Joseph},
  journal={Bulletin of the American Meteorological Society},
  volume={94},
  number={9},
  pages={S17--S20},
  year={2013},
  publisher={American Meteorological Society}
}

@article{Miller10,
  title={Arctic amplification: can the past constrain the future?},
  author={Miller, Gifford H and Alley, Richard B and Brigham-Grette, Julie and Fitzpatrick, Joan J and Polyak, Leonid and Serreze, Mark C and White, James WC},
  journal={Quaternary Science Reviews},
  volume={29},
  number={15-16},
  pages={1779--1790},
  year={2010},
  publisher={Elsevier}
}

@misc{Scripp14,
  title = {Satellite data reveal the rapid darkening of the Arctic (2014)},
  howpublished = {\url{https://scripps.ucsd.edu/news/satellite-data-reveal-rapid-darkening-arctic}},
}

@misc{Hughes11,
  title = {Temperature and worker output (2011)},
  howpublished = {\url{http://www.fight-entropy.com/2011/08/temperature-and-worker-output.html}},
}



@inproceedings{Wuebbles17,
  author = {Wuebbles, D.J. and Fahey,  D.W. and Hibbard,  K.A. and DeAngelo,  B. and Doherty,  S. and Hayhoe,  K. and Horton,  R. and Kossin,  J.P. and Taylor,  P.C. and Waple, A.M. and Weaver, C.P.},
  editor = {Wuebbles, D.J. and Fahey, D.W. and Hibbard, K.A. and Dokken, D.J. and Stewart, B.C. and Maycock, T.K.},
pages = {12-34},
  title = {Executive summary},
  year = {2017},
  volume = {I},
  booktitle = {Climate Science Special Report: Fourth National Climate Assessment},
  publisher = {U.S. Global Change Research Program, Washington, DC, USA},
}


@misc{NasaCO2,
  title={The relentless rise of carbon dioxide},
  howpublished = {\url{https://climate.nasa.gov/climate_resources/24/graphic-the-relentless-rise-of-carbon-dioxide/}},
}

@article{Pistone14,
  title={Observational determination of albedo decrease caused by vanishing Arctic sea ice},
  author={Pistone, Kristina and Eisenman, Ian and Ramanathan, V},
  journal={Proceedings of the National Academy of Sciences},
  volume={111},
  number={9},
  pages={3322--3326},
  year={2014},
  publisher={National Acad Sciences}
}

@misc{AR5_sp,
  title={Fifth Assessment Report (AR5): Summary for Policymakers. Intergovernmental Panel on Climate Change. 2014.},
}

@article{Brigham13,
  title={Pliocene warmth, polar amplification, and stepped Pleistocene cooling recorded in NE Arctic Russia},
  author={Brigham-Grette, Julie and Melles, Martin and Minyuk, Pavel and Andreev, Andrei and Tarasov, Pavel and DeConto, Robert and Koenig, Sebastian and Nowaczyk, Norbert and Wennrich, Volker and Ros{\'e}n, Peter and others},
  journal={Science},
  volume={340},
  number={6139},
  pages={1421--1427},
  year={2013},
  publisher={American Association for the Advancement of Science}
}

@article{Sluijs06,
  title={Subtropical Arctic Ocean temperatures during the Palaeocene/Eocene thermal maximum},
  author={Sluijs, Appy and Schouten, Stefan and Pagani, Mark and Woltering, Martijn and Brinkhuis, Henk and Damst{\'e}, Jaap S Sinninghe and Dickens, Gerald R and Huber, Matthew and Reichart, Gert-Jan and Stein, Ruediger and others},
  journal={Nature},
  volume={441},
  number={7093},
  pages={610},
  year={2006},
  publisher={Nature Publishing Group}
}

@article{Schaefer11,
  title={Amount and timing of permafrost carbon release in response to climate warming},
  author={Schaefer, Kevin and Zhang, Tingjun and Bruhwiler, Lori and Barrett, Andrew P},
  journal={Tellus B: Chemical and Physical Meteorology},
  volume={63},
  number={2},
  pages={168--180},
  year={2011},
  publisher={Taylor \& Francis}
}

@article{Tarnocai09,
  title={Soil organic carbon pools in the northern circumpolar permafrost region},
  author={Tarnocai, Charles and Canadell, JG and Schuur, EAG and Kuhry, Peter and Mazhitova, G and Zimov, S},
  journal={Global biogeochemical cycles},
  volume={23},
  number={2},
  year={2009},
  publisher={Wiley Online Library}
}

@inproceedings{IPCC07,
  author = {IPCC},
  editor = {Solomon, S. and Qin, D. and Manning, M. and Chen, Z. and Marquis, M.
and others},
pages = {1-18},
  title = {Summary for Policymakers},
  year = {2007},
  booktitle = {Climate Change 2007: The Physical Science Basis. Contribution of Working Group I to the Fourth Assessment Report of the Intergovernmental Panel on Climate
Change},
  publisher = {Cambridge University Press},
}

@article{Allen14,
  title={IPCC fifth assessment synthesis report-climate change 2014 synthesis report},
  author={Allen, Myles R and Barros, Vicente R and Broome, John and Cramer, Wolfgang and Christ, Renate and Church, John A and Clarke, Leon and Dahe, Qin and Dasgupta, Purnamita and Dubash, Navroz K and others},
  journal={IPCC},
  year={2014},
  publisher={Intergovernmental Panel on Climate Change (IPCC)}
}

@article{Macdougall12,
  title={Significant contribution to climate warming from the permafrost carbon feedback},
  author={MacDougall, Andrew H and Avis, Christopher A and Weaver, Andrew J},
  journal={Nature Geoscience},
  volume={5},
  number={10},
  pages={719},
  year={2012},
  publisher={Nature Publishing Group}
}

@article{Kelly13,
  title={Recent burning of boreal forests exceeds fire regime limits of the past 10,000 years},
  author={Kelly, Ryan and Chipman, Melissa L and Higuera, Philip E and Stefanova, Ivanka and Brubaker, Linda B and Hu, Feng Sheng},
  journal={Proceedings of the National Academy of Sciences},
  volume={110},
  number={32},
  pages={13055--13060},
  year={2013},
  publisher={National Acad Sciences}
}

@article{Page02,
  title={The amount of carbon released from peat and forest fires in Indonesia during 1997},
  author={Page, Susan E and Siegert, Florian and Rieley, John O and Boehm, Hans-Dieter V and Jaya, Adi and Limin, Suwido},
  journal={Nature},
  volume={420},
  number={6911},
  pages={61},
  year={2002},
  publisher={Nature Publishing Group}
}

@article{Turetsky11,
  title={Experimental drying intensifies burning and carbon losses in a northern peatland},
  author={Turetsky, MR and Donahue, WF and Benscoter, BW},
  journal={Nature Communications},
  volume={2},
  pages={514},
  year={2011},
  publisher={Nature Publishing Group}
}

@article{Pfeiffer18,
  title={Committed emissions from existing and planned power plants and asset stranding required to meet the Paris Agreement},
  author={Pfeiffer, Alexander and Hepburn, Cameron and Vogt-Schilb, Adrien and Caldecott, Ben},
  journal={Environmental Research Letters},
  volume={13},
  number={5},
  pages={054019},
  year={2018},
  publisher={IOP Publishing}
}

@article{Gruber11,
  title={Warming up, turning sour, losing breath: ocean biogeochemistry under global change},
  author={Gruber, Nicolas},
  journal={Philosophical Transactions of the Royal Society of London A: Mathematical, Physical and Engineering Sciences},
  volume={369},
  number={1943},
  pages={1980--1996},
  year={2011},
  publisher={The Royal Society}
}

@article{Six13,
  title={Global warming amplified by reduced sulphur fluxes as a result of ocean acidification},
  author={Six, Katharina D and Kloster, Silvia and Ilyina, Tatiana and Archer, Stephen D and Zhang, Kai and Maier-Reimer, Ernst},
  journal={Nature Climate Change},
  volume={3},
  number={11},
  pages={975},
  year={2013},
  publisher={Nature Publishing Group}
}

@article{Jevrejeva14,
  title={Upper limit for sea level projections by 2100},
  author={Jevrejeva, Svetlana and Grinsted, Aslak and Moore, John C},
  journal={Environmental Research Letters},
  volume={9},
  number={10},
  pages={104008},
  year={2014},
  publisher={IOP Publishing}
}

@article{Greenbaum15,
  title={Ocean access to a cavity beneath Totten Glacier in East Antarctica},
  author={Greenbaum, JS and Blankenship, DD and Young, DA and Richter, TG and Roberts, JL and Aitken, ARA and Legresy, B and Schroeder, DM and Warner, RC and Van Ommen, TD and others},
  journal={Nature Geoscience},
  volume={8},
  number={4},
  pages={294},
  year={2015},
  publisher={Nature Publishing Group}
}

@article{Deconto16,
  title={Contribution of Antarctica to past and future sea-level rise},
  author={DeConto, Robert M and Pollard, David},
  journal={Nature},
  volume={531},
  number={7596},
  pages={591},
  year={2016},
  publisher={Nature Publishing Group}
}

@article{Neumann15,
  title={Future coastal population growth and exposure to sea-level rise and coastal flooding-a global assessment},
  author={Neumann, Barbara and Vafeidis, Athanasios T and Zimmermann, Juliane and Nicholls, Robert J},
  journal={PloS one},
  volume={10},
  number={3},
  pages={e0118571},
  year={2015},
  publisher={Public Library of Science}
}

@incollection{Dasgupta15,
  title={River salinity and climate change: evidence from coastal Bangladesh},
  author={Dasgupta, Susmita and Akhter Kamal, Farhana and Huque Khan, Zahirul and Choudhury, Sharifuzzaman and Nishat, Ainun},
  booktitle={World Scientific Reference on Asia and the World Economy},
  pages={205--242},
  year={2015},
  publisher={World Scientific}
}

@book{Dasgupta14,
  title={Climate change, soil salinity, and the economics of high-yield rice production in coastal Bangladesh},
  author={Dasgupta, Susmita and Hossain, Md Moqbul and Huq, Mainul and Wheeler, David},
  year={2014},
  publisher={The World Bank}
}

@article{Grinsted13,
  title={Projected Atlantic hurricane surge threat from rising temperatures},
  author={Grinsted, Aslak and Moore, John C and Jevrejeva, Svetlana},
  journal={Proceedings of the National Academy of Sciences},
  volume={110},
  number={14},
  pages={5369--5373},
  year={2013},
  publisher={National Acad Sciences}
}

@article{Ault14,
  title={Assessing the risk of persistent drought using climate model simulations and paleoclimate data},
  author={Ault, Toby R and Cole, Julia E and Overpeck, Jonathan T and Pederson, Gregory T and Meko, David M},
  journal={Journal of Climate},
  volume={27},
  number={20},
  pages={7529--7549},
  year={2014}
}

@article{Dai13,
  title={Increasing drought under global warming in observations and models},
  author={Dai, Aiguo},
  journal={Nature Climate Change},
  volume={3},
  number={1},
  pages={52},
  year={2013},
  publisher={Nature Publishing Group}
}

@article{Seager07,
  title={Model projections of an imminent transition to a more arid climate in southwestern North America},
  author={Seager, Richard and Ting, Mingfang and Held, Isaac and Kushnir, Yochanan and Lu, Jian and Vecchi, Gabriel and Huang, Huei-Ping and Harnik, Nili and Leetmaa, Ants and Lau, Ngar-Cheung and others},
  journal={Science},
  volume={316},
  number={5828},
  pages={1181--1184},
  year={2007},
  publisher={American Association for the Advancement of Science}
}

@article{Fu13,
  title={Increased dry-season length over southern Amazonia in recent decades and its implication for future climate projection},
  author={Fu, Rong and Yin, Lei and Li, Wenhong and Arias, Paola A and Dickinson, Robert E and Huang, Lei and Chakraborty, Sudip and Fernandes, Katia and Liebmann, Brant and Fisher, Rosie and others},
  journal={Proceedings of the National Academy of Sciences},
  pages={201302584},
  year={2013},
  publisher={National Acad Sciences}
}

@misc{Evans06,
  title={Measurements of the Radiative Surface Forcing of Climate},
  author={Evans, WFJ and Puckrin, E},
  year={2006},
  publisher={P1}
}

@misc{SkepSci73,
  title={How do we know CO2 is causing warming?},
  howpublished ={https://www.skepticalscience.com/print.php?n=73},
  author={Cook, John},
  year={2009},
}

@misc{NOAA_ocean_acid,
  title={Pacific Marine Environmental Laboratory: What Is Ocean Acidification?},
  howpublished ={https://www.pmel.noaa.gov/co2/story/What+is+Ocean+Acidification%3F},
}



@article{Philipona04,
  title={Radiative forcing-measured at Earth's surface-corroborate the increasing greenhouse effect},
  author={Philipona, Rolf and D{\"u}rr, Bruno and Marty, Christoph and Ohmura, Atsumu and Wild, Martin},
  journal={Geophysical Research Letters},
  volume={31},
  number={3},
  year={2004},
  publisher={Wiley Online Library}
}

@article{Harries01,
  title={Increases in greenhouse forcing inferred from the outgoing longwave radiation spectra of the Earth in 1970 and 1997},
  author={Harries, John E and Brindley, Helen E and Sagoo, Pretty J and Bantges, Richard J},
  journal={Nature},
  volume={410},
  number={6826},
  pages={355},
  year={2001},
  publisher={Nature Publishing Group}
}

@article{Mora17,
  title={Global risk of deadly heat},
  author={Mora, Camilo and Dousset, B{\'e}n{\'e}dicte and Caldwell, Iain R and Powell, Farrah E and Geronimo, Rollan C and Bielecki, Coral R and Counsell, Chelsie WW and Dietrich, Bonnie S and Johnston, Emily T and Louis, Leo V and others},
  journal={Nature Climate Change},
  volume={7},
  number={7},
  pages={501},
  year={2017},
  publisher={Nature Publishing Group}
}

@article{Hsiang10,
  title={Temperatures and cyclones strongly associated with economic production in the Caribbean and Central America},
  author={Hsiang, Solomon M},
  journal={Proceedings of the National Academy of sciences},
  pages={201009510},
  year={2010},
  publisher={National Acad Sciences}
}

@book{Stern06,
  title={Stern Review: The economics of climate change},
  author={Stern, Nicholas and Peters, Siobhan and Bakhshi, Vicki and Bowen, Alex and Cameron, Catherine and Catovsky, Sebastian and Crane, Diane and Cruickshank, Sophie and Dietz, Simon and Edmonson, Nicola and others},
  volume={30},
  year={2006},
  publisher={HM treasury London}
}

@article{Tol09,
  title={The economic effects of climate change},
  author={Tol, Richard SJ},
  journal={Journal of economic perspectives},
  volume={23},
  number={2},
  pages={29--51},
  year={2009}
}

@article{Allen15,
  title={Associations of cognitive function scores with carbon dioxide, ventilation, and volatile organic compound exposures in office workers: a controlled exposure study of green and conventional office environments},
  author={Allen, Joseph G and MacNaughton, Piers and Satish, Usha and Santanam, Suresh and Vallarino, Jose and Spengler, John D},
  journal={Environmental health perspectives},
  volume={124},
  number={6},
  pages={805--812},
  year={2015},
  publisher={National Institute of Environmental Health Sciences}
}

@article{Corsi02,
  title={Carbon dioxide levels and dynamics in elementary schools: results of the TESIAS Study},
  author={Corsi, RL and Torres, VM and Sanders, M and Kinney, KA},
  journal={Indoor Air},
  volume={2},
  pages={74--79},
  year={2002}
}

@article{IAP09,
  title={IAP Statement on Ocean Acidification},
  author={Zhe, Chen and Alper, Howard},
  journal={The Interacadempy Panel on International Issues},
  year={2009}
}

@article{Ridgwell10,
  title={Past constraints on the vulnerability of marine calcifiers to massive carbon dioxide release},
  author={Ridgwell, Andy and Schmidt, Daniela N},
  journal={Nature Geoscience},
  volume={3},
  number={3},
  pages={196},
  year={2010},
  publisher={Nature Publishing Group}
}

@misc{Magurran10,
  title={Biological diversity in a changing world},
  author={Magurran, Anne E and Dornelas, Maria},
  year={2010},
  publisher={The Royal Society}
}

@article{Pimm14,
  title={The biodiversity of species and their rates of extinction, distribution, and protection},
  author={Pimm, Stuart L and Jenkins, Clinton N and Abell, Robin and Brooks, Thomas M and Gittleman, John L and Joppa, Lucas N and Raven, Peter H and Roberts, Callum M and Sexton, Joseph O},
  journal={Science},
  volume={344},
  number={6187},
  pages={1246752},
  year={2014},
  publisher={American Association for the Advancement of Science}
}

@article{Oschlies08,
  title={Simulated 21st century's increase in oceanic suboxia by {CO2}-enhanced biotic carbon export},
  author={Oschlies, Andreas and Schulz, Kai G and Riebesell, Ulf and Schmittner, Andreas},
  journal={Global Biogeochemical Cycles},
  volume={22},
  number={4},
  year={2008},
  publisher={Wiley Online Library}
}


@misc{Welch15,
  title={Oceans Are Losing Oxygen—and Becoming More Hostile to Life (2015)},
  howpublished ={https://news.nationalgeographic.com/2015/03/150313-oceans-marine-life-climate-change-acidification-oxygen-fish/},
}

@article{Li09,
  title={Climate change and drought: a risk assessment of crop-yield impacts},
  author={Li, Yinpeng and Ye, Wei and Wang, Meng and Yan, Xiaodong},
  journal={Climate research},
  volume={39},
  number={1},
  pages={31--46},
  year={2009}
}

@misc{WB12,
  title={Climate Change Report Warns of Dramatically Warmer World This Century (2012)},
  howpublished ={http://www.worldbank.org/en/news/feature/2012/11/18/Climate-change-report-warns-dramatically-warmer-world-this-century},
}

@article{Battisti09,
  title={Historical warnings of future food insecurity with unprecedented seasonal heat},
  author={Battisti, David S and Naylor, Rosamond L},
  journal={Science},
  volume={323},
  number={5911},
  pages={240--244},
  year={2009},
  publisher={American Association for the Advancement of Science}
}

@article{Solomon09,
  title={Irreversible climate change due to carbon dioxide emissions},
  author={Solomon, Susan and Plattner, Gian-Kasper and Knutti, Reto and Friedlingstein, Pierre},
  journal={Proceedings of the national academy of sciences},
  volume={106},
  number={6},
  pages={1704--1709},
  year={2009},
  publisher={National Acad Sciences}
}

@article{Willenbockel11,
  title={Exploring food price scenarios towards 2030 with a global multi-region model},
  author={Willenbockel, Dirk},
  journal={Oxfam Policy and Practice: Agriculture, Food and Land},
  volume={11},
  number={2},
  pages={19--62},
  year={2011},
  publisher={Oxfam in association with GSE Research}
}
